@article{filyAthermalPhaseSeparation2012,
 author = {Fily, Yaouen and Marchetti, M. Cristina},
 doi = {10.1103/physrevlett.108.235702},
 journal = {Physical Review Letters},
 number = {23},
 publisher = {American Physical Society (APS)},
 title = {Athermal Phase Separation of Self-Propelled Particles with No Alignment},
 volume = {108},
 year = {2012}
}

@article{kurodaLongrangeTranslationalOrder2024,
 author = {Kuroda, Yuta and Kawasaki, Takeshi and Miyazaki, Kunimasa},
 doi = {arXiv:2402.19192},
 journal = {arXiv preprint arXiv:2402.19192},
 title = {Long-range translational order and hyperuniformity in two-dimensional chiral active crystal},
 year = {2024}
}
