@misc{school_of_fish,
author = {},
  title = {File:School of sardines at the Monterey Bay Aquarium (12056).jpg - Wikimedia Commons},
  url = "https://commons.wikimedia.org/wiki/File:School_of_sardines_at_the_Monterey_Bay_Aquarium_(12056).jpg",
month = {},
year = {},
  note = "[Online; accessed 2025-01-15]"
}

@misc{mukudori_group,
author = {Lauryn Hill},
  title = {おびただしい数のムクドリが夕空を覆う、息をのむほど美しいシルエット：ある写真家がとらえた「黒い太陽」のある光景 | WIRED.jp},
  url = "https://wired.jp/2021/09/16/stunning-images-of-starlings-in-flight/",
month = {9},
year = {2021},
  note = "[Online; accessed 2025-01-15]"
}

@article{schneirla1944unique,
  title={A unique case of circular milling in ants, considered in relation to trail following and the general problem of orientation. American Museum novitates; no. 1253},
  author={Schneirla, Theodore Christian and others},
  year={1944},
  publisher={New York City: The American Museum of Natural History}
}
